% Encoding: UTF-8

@InProceedings{DBLP:conf/se/SiegmundGAK16,
  author    = {Norbert Siegmund and Alexander Grebhahn and Sven Apel and Christian K{\"{a}}stner},
  title     = {Performance-Influence Models},
  pages     = {29--31},
  bibsource = {dblp computer science bibliography, https://dblp.org},
  biburl    = {https://dblp.org/rec/bib/conf/se/SiegmundGAK16},
  crossref  = {DBLP:conf/se/2016},
  timestamp = {Mon, 16 Apr 2018 16:29:13 +0200},
  url       = {https://dl.gi.de/20.500.12116/763},
}

@InProceedings{DBLP:conf/eusflat/GrzegorzewskiS17,
  author    = {Przemyslaw Grzegorzewski and Martyna Spiewak},
  title     = {The Mann-Whitney Test for Interval-Valued Data},
  pages     = {188--199},
  bibsource = {dblp computer science bibliography, https://dblp.org},
  biburl    = {https://dblp.org/rec/bib/conf/eusflat/GrzegorzewskiS17},
  crossref  = {DBLP:conf/eusflat/2017-2},
  doi       = {10.1007/978-3-319-66824-6\_17},
  timestamp = {Wed, 31 Jan 2018 13:35:00 +0100},
  url       = {https://doi.org/10.1007/978-3-319-66824-6\_17},
}

@InProceedings{DBLP:conf/ppopp/AwadAJFO19,
  author    = {Muhammad A. Awad and Saman Ashkiani and Rob Johnson and Martin Farach{-}Colton and John D. Owens},
  title     = {Engineering a high-performance {GPU} B-Tree},
  pages     = {145--157},
  bibsource = {dblp computer science bibliography, https://dblp.org},
  biburl    = {https://dblp.org/rec/bib/conf/ppopp/AwadAJFO19},
  crossref  = {DBLP:conf/ppopp/2019},
  doi       = {10.1145/3293883.3295706},
  timestamp = {Fri, 08 Feb 2019 09:59:28 +0100},
  url       = {https://doi.org/10.1145/3293883.3295706},
}

@InProceedings{DBLP:conf/es/AlwadiNBJT18,
  author    = {Ahmad Alwadi and Abdulrahman Nahhas and Sascha Bosse and Naoum Jamous and Klaus Turowski},
  title     = {Toward a Performance Requirements Model for the Early Design Phase of {IT} Systems},
  booktitle = {Sixth International Conference on Enterprise Systems, {ES} 2018, Limassol, Cyprus, October 1-2, 2018},
  year      = {2018},
  pages     = {9--16},
  bibsource = {dblp computer science bibliography, https://dblp.org},
  biburl    = {https://dblp.org/rec/bib/conf/es/AlwadiNBJT18},
  crossref  = {DBLP:conf/es/2018},
  doi       = {10.1109/ES.2018.00009},
  timestamp = {Tue, 15 Jan 2019 13:41:37 +0100},
  url       = {https://doi.org/10.1109/ES.2018.00009},
}

@InProceedings{DBLP:conf/sc/BhateleGIGSBH12,
  author    = {Abhinav Bhatele and Todd Gamblin and Katherine E. Isaacs and Brian T. N. Gunney and Martin Schulz and Peer{-}Timo Bremer and Bernd Hamann},
  title     = {Novel views of performance data to analyze large-scale adaptive applications},
  pages     = {31},
  bibsource = {dblp computer science bibliography, https://dblp.org},
  biburl    = {https://dblp.org/rec/bib/conf/sc/BhateleGIGSBH12},
  crossref  = {DBLP:conf/sc/2012},
  doi       = {10.1109/SC.2012.80},
  timestamp = {Tue, 23 May 2017 01:07:27 +0200},
  url       = {https://doi.org/10.1109/SC.2012.80},
}

@InProceedings{DBLP:conf/cluster/HaynesCR01,
  author    = {Rena A. Haynes and Patricia Crossno and Eric Russell},
  title     = {A Visualization Tool for Analyzing Cluster Performance Data},
  pages     = {295--302},
  bibsource = {dblp computer science bibliography, https://dblp.org},
  biburl    = {https://dblp.org/rec/bib/conf/cluster/HaynesCR01},
  crossref  = {DBLP:conf/cluster/2001},
  doi       = {10.1109/CLUSTR.2001.959990},
  timestamp = {Sun, 21 May 2017 00:21:59 +0200},
  url       = {https://doi.org/10.1109/CLUSTR.2001.959990},
}

@InProceedings{DBLP:conf/sigsoft/SiegmundGAK15,
  author    = {Norbert Siegmund and Alexander Grebhahn and Sven Apel and Christian K{\"{a}}stner},
  title     = {Performance-influence models for highly configurable systems},
  pages     = {284--294},
  bibsource = {dblp computer science bibliography, https://dblp.org},
  biburl    = {https://dblp.org/rec/bib/conf/sigsoft/SiegmundGAK15},
  doi       = {10.1145/2786805.2786845},
  timestamp = {Tue, 06 Nov 2018 16:59:23 +0100},
  url       = {https://doi.org/10.1145/2786805.2786845},
}

@InProceedings{DBLP:conf/pldi/JinSSSL12,
  author    = {Guoliang Jin and Linhai Song and Xiaoming Shi and Joel Scherpelz and Shan Lu},
  title     = {Understanding and detecting real-world performance bugs},
  pages     = {77--88},
  bibsource = {dblp computer science bibliography, https://dblp.org},
  biburl    = {https://dblp.org/rec/bib/conf/pldi/JinSSSL12},
  doi       = {10.1145/2254064.2254075},
  timestamp = {Tue, 06 Nov 2018 16:59:30 +0100},
  url       = {https://doi.org/10.1145/2254064.2254075},
}

@InProceedings{DBLP:conf/parco/MullerKJLBMN07,
  author    = {Matthias S. M{\"{u}}ller and Andreas Kn{\"{u}}pfer and Matthias Jurenz and Matthias Lieber and Holger Brunst and Hartmut Mix and Wolfgang E. Nagel},
  title     = {Developing Scalable Applications with Vampir, VampirServer and VampirTrace},
  pages     = {637--644},
  bibsource = {dblp computer science bibliography, https://dblp.org},
  biburl    = {https://dblp.org/rec/bib/conf/parco/MullerKJLBMN07},
  timestamp = {Mon, 16 Feb 2009 08:49:21 +0100},
}

@InProceedings{DBLP:conf/icse/SiegmundKKABRS12,
  author    = {Norbert Siegmund and Sergiy S. Kolesnikov and Christian K{\"{a}}stner and Sven Apel and Don S. Batory and Marko Rosenm{\"{u}}ller and Gunter Saake},
  title     = {Predicting performance via automated feature-interaction detection},
  pages     = {167--177},
  bibsource = {dblp computer science bibliography, https://dblp.org},
  biburl    = {https://dblp.org/rec/bib/conf/icse/SiegmundKKABRS12},
  doi       = {10.1109/ICSE.2012.6227196},
  timestamp = {Sun, 04 Jun 2017 10:09:48 +0200},
  url       = {https://doi.org/10.1109/ICSE.2012.6227196},
}

@InProceedings{DBLP:conf/birthday/ChungL09,
  author    = {Lawrence Chung and Julio Cesar Sampaio do Prado Leite},
  title     = {On Non-Functional Requirements in Software Engineering},
  pages     = {363--379},
  bibsource = {dblp computer science bibliography, https://dblp.org},
  biburl    = {https://dblp.org/rec/bib/conf/birthday/ChungL09},
  doi       = {10.1007/978-3-642-02463-4\_19},
  timestamp = {Tue, 23 May 2017 01:06:47 +0200},
  url       = {https://doi.org/10.1007/978-3-642-02463-4\_19},
}

@InProceedings{DBLP:conf/vissym/IsaacsGJGB0HB14,
  author    = {Katherine E. Isaacs and Alfredo Gim{\'{e}}nez and Ilir Jusufi and Todd Gamblin and Abhinav Bhatele and Martin Schulz and Bernd Hamann and Peer{-}Timo Bremer},
  title     = {State of the Art of Performance Visualization},
  bibsource = {dblp computer science bibliography, https://dblp.org},
  biburl    = {https://dblp.org/rec/bib/conf/vissym/IsaacsGJGB0HB14},
  doi       = {10.2312/eurovisstar.20141177},
  timestamp = {Fri, 17 Aug 2018 17:05:39 +0200},
  url       = {https://doi.org/10.2312/eurovisstar.20141177},
}

@Book{DBLP:books/daglib/0032924,
  title     = {Feature-Oriented Software Product Lines - Concepts and Implementation},
  publisher = {Springer},
  year      = {2013},
  author    = {Sven Apel and Don S. Batory and Christian K{\"{a}}stner and Gunter Saake},
  isbn      = {978-3-642-37520-0},
  bibsource = {dblp computer science bibliography, https://dblp.org},
  biburl    = {https://dblp.org/rec/bib/books/daglib/0032924},
  doi       = {10.1007/978-3-642-37521-7},
  timestamp = {Tue, 16 May 2017 14:01:34 +0200},
  url       = {https://doi.org/10.1007/978-3-642-37521-7},
}

@Proceedings{DBLP:conf/se/2016,
  title     = {Software Engineering 2016, Fachtagung des GI-Fachbereichs Softwaretechnik, 23.-26. Februar 2016, Wien, {\"{O}}sterreich},
  year      = {2016},
  editor    = {Jens Knoop and Uwe Zdun},
  volume    = {252},
  series    = {{LNI}},
  publisher = {{GI}},
  isbn      = {978-388579-646-6},
  bibsource = {dblp computer science bibliography, https://dblp.org},
  biburl    = {https://dblp.org/rec/bib/conf/se/2016},
  timestamp = {Mon, 16 Apr 2018 15:58:27 +0200},
  url       = {https://dl.gi.de/handle/20.500.12116/623},
}

@Book{dillman2014internet,
  title     = {Internet, phone, mail, and mixed-mode surveys: the tailored design method},
  publisher = {John Wiley \& Sons},
  year      = {2014},
  author    = {Dillman, Don A and Smyth, Jolene D and Christian, Leah Melani},
}

@Proceedings{DBLP:conf/eusflat/2017-2,
  title     = {Advances in Fuzzy Logic and Technology 2017 - Proceedings of: {EUSFLAT-} 2017 - The 10th Conference of the European Society for Fuzzy Logic and Technology, September 11-15, 2017, Warsaw, Poland IWIFSGN'2017 - The Sixteenth International Workshop on Intuitionistic Fuzzy Sets and Generalized Nets, September 13-15, 2017, Warsaw, Poland, Volume 2},
  year      = {2018},
  editor    = {Janusz Kacprzyk and Eulalia Szmidt and Slawomir Zadrozny and Krassimir T. Atanassov and Maciej Krawczak},
  volume    = {642},
  series    = {Advances in Intelligent Systems and Computing},
  publisher = {Springer},
  isbn      = {978-3-319-66823-9},
  bibsource = {dblp computer science bibliography, https://dblp.org},
  biburl    = {https://dblp.org/rec/bib/conf/eusflat/2017-2},
  doi       = {10.1007/978-3-319-66824-6},
  timestamp = {Wed, 31 Jan 2018 13:35:00 +0100},
  url       = {https://doi.org/10.1007/978-3-319-66824-6},
}

@Article{DBLP:journals/tog/KenzelKSS18,
  author    = {Michael Kenzel and Bernhard Kerbl and Dieter Schmalstieg and Markus Steinberger},
  title     = {A high-performance software graphics pipeline architecture for the {GPU}},
  journal   = {{ACM} Trans. Graph.},
  year      = {2018},
  volume    = {37},
  number    = {4},
  pages     = {140:1--140:15},
  bibsource = {dblp computer science bibliography, https://dblp.org},
  biburl    = {https://dblp.org/rec/bib/journals/tog/KenzelKSS18},
  doi       = {10.1145/3197517.3201374},
  timestamp = {Wed, 21 Nov 2018 12:44:28 +0100},
  url       = {https://doi.org/10.1145/3197517.3201374},
}

@Proceedings{DBLP:conf/ppopp/2019,
  title     = {Proceedings of the 24th {ACM} {SIGPLAN} Symposium on Principles and Practice of Parallel Programming, PPoPP 2019, Washington, DC, USA, February 16-20, 2019},
  year      = {2019},
  editor    = {Jeffrey K. Hollingsworth and Idit Keidar},
  publisher = {{ACM}},
  isbn      = {978-1-4503-6225-2},
  bibsource = {dblp computer science bibliography, https://dblp.org},
  biburl    = {https://dblp.org/rec/bib/conf/ppopp/2019},
  doi       = {10.1145/3293883},
  timestamp = {Fri, 08 Feb 2019 09:53:15 +0100},
  url       = {https://doi.org/10.1145/3293883},
}

@Article{DBLP:journals/sqj/SiegmundRKKAS12,
  author    = {Norbert Siegmund and Marko Rosenm{\"{u}}ller and Martin Kuhlemann and Christian K{\"{a}}stner and Sven Apel and Gunter Saake},
  title     = {{SPL} Conqueror: Toward optimization of non-functional properties in software product lines},
  journal   = {Software Quality Journal},
  year      = {2012},
  volume    = {20},
  number    = {3-4},
  pages     = {487--517},
  bibsource = {dblp computer science bibliography, https://dblp.org},
  biburl    = {https://dblp.org/rec/bib/journals/sqj/SiegmundRKKAS12},
  doi       = {10.1007/s11219-011-9152-9},
  timestamp = {Thu, 08 Jun 2017 09:00:28 +0200},
  url       = {https://doi.org/10.1007/s11219-011-9152-9},
}

@Proceedings{DBLP:conf/es/2018,
  title     = {Sixth International Conference on Enterprise Systems, {ES} 2018, Limassol, Cyprus, October 1-2, 2018},
  year      = {2018},
  publisher = {{IEEE}},
  isbn      = {978-1-5386-8388-0},
  bibsource = {dblp computer science bibliography, https://dblp.org},
  biburl    = {https://dblp.org/rec/bib/conf/es/2018},
  timestamp = {Tue, 15 Jan 2019 13:37:58 +0100},
  url       = {http://ieeexplore.ieee.org/xpl/mostRecentIssue.jsp?punumber=8587608},
}

@Misc{,
}

@Proceedings{DBLP:conf/sc/2012,
  title     = {{SC} Conference on High Performance Computing Networking, Storage and Analysis, {SC} '12, Salt Lake City, UT, {USA} - November 11 - 15, 2012},
  year      = {2012},
  editor    = {Jeffrey K. Hollingsworth},
  publisher = {{IEEE/ACM}},
  isbn      = {978-1-4673-0804-5},
  bibsource = {dblp computer science bibliography, https://dblp.org},
  biburl    = {https://dblp.org/rec/bib/conf/sc/2012},
  timestamp = {Tue, 30 Jun 2015 16:34:01 +0200},
  url       = {http://ieeexplore.ieee.org/xpl/mostRecentIssue.jsp?punumber=6468170},
}

@Proceedings{DBLP:conf/cluster/2001,
  title     = {2001 {IEEE} International Conference on Cluster Computing {(CLUSTER} 2001), 8-11 October 2001, Newport Beach, CA, {USA}},
  year      = {2001},
  publisher = {{IEEE} Computer Society},
  isbn      = {0-7695-1116-3},
  bibsource = {dblp computer science bibliography, https://dblp.org},
  biburl    = {https://dblp.org/rec/bib/conf/cluster/2001},
  timestamp = {Fri, 24 Oct 2014 13:41:23 +0200},
  url       = {http://ieeexplore.ieee.org/xpl/mostRecentIssue.jsp?punumber=7602},
}

@Article{DBLP:article/tog/Herman16,
  author = {L. Herman a, *, Z. Stachoň a},
  title  = {COMPARISON OF USER PERFORMANCE WITH INTERACTIVE AND STATIC 3D VISUALIZATION – PILOT STUDY},
  year   = {2016},
}

@article{pearson1896vii,
  title={VII. Mathematical contributions to the theory of evolution.—III. Regression, heredity, and panmixia},
  author={Pearson, Karl},
  journal={Philosophical Transactions of the Royal Society of London. Series A, containing papers of a mathematical or physical character},
  number={187},
  pages={253--318},
  year={1896},
  publisher={The Royal Society London}
}

@Comment{jabref-meta: databaseType:bibtex;}
